@article{googlesites, title={2.4 Why Is Software Architecture Important? - Software Architecture in Practice}, url={https://sites.google.com/site/softwarearchitectureinpractice/2-what-is-software-architecture/2-4-why-is-software-architecture-important}, journal={Google Sites}}
@article{wikipedia_2018, title={Data consistency}, url={https://en.wikipedia.org/wiki/Data_consistency}, journal={Wikipedia}, publisher={Wikimedia Foundation}, year={2018}, month={Jun}}
@article{plainoldobjects_2015, title={Does each microservice really need its own database?}, url={https://plainoldobjects.com/2015/09/02/does-each-microservice-really-need-its-own-database-2/}, journal={plain old objects}, year={2015}, month={Sep}}
@article{mjaglan.github.io, title={Does each Microservices really need its own DB?}, url={https://mjaglan.github.io/docs/does-each-Microservices-really-need-its-own-database.html}, journal={mjaglan.github.io}}
@article{fowler, title={Software Architecture Guide}, url={https://www.martinfowler.com/architecture/}, journal={martinfowler.com}, author={Fowler, Martin}}
@article{hauer_2019, title={Modern Best Practices for Testing in Java}, url={https://phauer.com/2019/modern-best-practices-testing-java/}, journal={Philipp Hauer's Blog}, author={Hauer, Philipp}, year={2019}, month={Sep}}
@article{import.io_2019, title={How to Ensure Data Consistency and Quality}, url={https://www.import.io/post/how-to-ensure-data-consistency-and-quality/}, journal={Import.io}, author={Import.io}, year={2019}, month={Dec}}
@article{microservices.io, title={Microservices Pattern: Database per service}, url={https://microservices.io/patterns/data/database-per-service.html}, journal={microservices.io}}
@article{wikipedia_2020, title={Model–view–controller}, url={https://en.wikipedia.org/wiki/Model–view–controller}, journal={Wikipedia}, publisher={Wikimedia Foundation}, year={2020}, month={Jan}}
@article{mdnwebdocs, title={MVC}, url={https://developer.mozilla.org/en-US/docs/Glossary/MVC}, journal={MDN Web Docs}}
@article{chrome, title={MVC Architecture}, url={https://developer.chrome.com/apps/app_frameworks}, journal={Chrome}}
@article{nirmalya_karam_mohsin_2018, title={Why is a good software architecture so important?}, url={https://apiumhub.com/tech-blog-barcelona/importance-good-software-architecture/}, journal={Apiumhub}, author={Nirmalya and Karam, Lea and Mohsin, Ahmad}, year={2018}, month={Nov}}
@article{wikipedia_2019, title={Software testability}, url={https://en.wikipedia.org/wiki/Software_testability}, journal={Wikipedia}, publisher={Wikimedia Foundation}, year={2019}, month={Dec}}
@article{sullivan, title={Event Sourcing: What it is and why it's awesome}, url={https://dev.to/barryosull/event-sourcing-what-it-is-and-why-its-awesome}, journal={The DEV Community}, author={Sullivan, Barry O}}
@article{UnitTesting,title={Unit Testing MVC Design Patterns}, url={https://ieeexplore.ieee.org/abstract/document/5462320/citations#citations}, journal={Unit Testing and Action-Level Security Solution of Struts Web Applications Based on MVC - IEEE Conference Publication}}
@article{techopedia.com, title={What is Scalability? - Definition from Techopedia}, url={https://www.techopedia.com/definition/9269/scalability}, journal={Techopedia.com}}
@article{microsoft, title={ASP.NET MVC Pattern: .NET}, url={https://dotnet.microsoft.com/apps/aspnet/mvc}, journal={Microsoft}}